<?xml version="1.0" encoding="UTF-8"?><collection xmlns="http://www.loc.gov/MARC21/slim"><record><leader>00516nam--2200193-i-4500</leader><controlfield tag="001">000049327</controlfield><controlfield tag="002">20161230</controlfield><controlfield tag="005">20161230201047</controlfield><controlfield tag="008">060222s1000------------r-----000-0-rus-d</controlfield><datafield ind1=" " ind2=" " tag="040"><subfield code="a">IFIN-HH</subfield></datafield><datafield ind1=" " ind2=" " tag="041"><subfield code="a">rus</subfield></datafield><datafield ind1=" " ind2=" " tag="080"><subfield code="a">539.125.5.172</subfield></datafield><datafield ind1="1" ind2=" " tag="100"><subfield code="a">Aleksandrov,Iu.A</subfield></datafield><datafield ind1="1" ind2="0" tag="245"><subfield code="a">Difrakcionnye metody v neitronnoi fizike</subfield><subfield code="c">Iu.a. aleksandrov, e.i. sharapov, l. cher</subfield></datafield><datafield ind1=" " ind2=" " tag="260"><subfield code="a">Moskva</subfield><subfield code="b">Energoatomizdat</subfield><subfield code="c">1981</subfield></datafield><datafield ind1=" " ind2=" " tag="300"><subfield code="a">216 S</subfield></datafield><datafield ind1="1" ind2=" " tag="700"><subfield code="a">Cher, L</subfield></datafield><datafield ind1=" " ind2=" " tag="852"><subfield code="a">70048</subfield><subfield code="c">539.12</subfield></datafield><datafield ind1=" " ind2=" " tag="CAT"><subfield code="a">Sys</subfield><subfield code="c">20111208</subfield><subfield code="h">152137</subfield></datafield></record></collection>